% Encoding: UTF-8


@article{Kutyniok2008,
  doi = {10.1090/s0002-9947-08-04700-4},
  url = {https://doi.org/10.1090/s0002-9947-08-04700-4},
  year  = {2008},
  month = {oct},
  publisher = {American Mathematical Society ({AMS})},
  volume = {361},
  number = {05},
  pages = {2719--2754},
  author = {Gitta Kutyniok and Demetrio Labate},
  title = {Resolution of the wavefront set using continuous shearlets},
  journal = {Transactions of the American Mathematical Society}
}

@book{Schwartz2014,
  AUTHOR = {Schwartz, Matthew D.},
  YEAR = {2014},
  TITLE = {Quantum Field Theory and the Standard Model - },
  EDITION = {},
  ISBN = {978-1-107-03473-0},
  PUBLISHER = {Cambridge University Press},
  ADDRESS = {Cambridge},
}


@Comment{jabref-meta: databaseType:bibtex;}
